@article{Abbott1995,
  title = {Things of {{Boundaries}}},
  author = {Abbott, Andrew},
  date = {1995},
  journaltitle = {Social Research},
  volume = {62},
  number = {4},
  pages = {857--882},
  langid = {english}
}

@book{Berger1972,
  title = {Sociology: {{A Biographical Approach}}},
  shorttitle = {Sociology},
  author = {Berger, Peter L. and Berger, Brigitte},
  date = {1972},
  eprint = {zWPaAAAAIAAJ},
  eprinttype = {googlebooks},
  publisher = {{Basic Books}},
  location = {{New York}},
  isbn = {978-0-14-080968-8},
  langid = {english},
  pagetotal = {428}
}

@book{Broadbent1998,
  title = {Environmental {{Politics}} in {{Japan}}: {{Networks}} of {{Power}} and {{Protest}}},
  shorttitle = {Environmental {{Politics}} in {{Japan}}},
  author = {Broadbent, Jeffrey},
  date = {1998},
  publisher = {{Cambridge University Press}},
  location = {{Cambridge}},
  url = {https://www.cambridge.org/core/books/environmental-politics-in-japan/5D569C8C5D73A1248C0EE3D01DFD9F34},
  urldate = {2023-02-18},
  isbn = {978-0-521-66574-2}
}

@incollection{Chuankyo1998,
  title = {環境問題の未来と社会変動――社会の自己破壊性と自己組織性},
  booktitle = {講座社会学12 環境},
  author = {舩橋, 晴俊},
  editor = {舩橋, 晴俊 and 飯島, 伸子},
  date = {1998},
  pages = {191--224},
  publisher = {{東京大学出版会}},
  langid = {japanese},
  sortname = {Funabashi, Harutoshi}
}

@book{Douglas1970,
  title = {Understanding {{Everyday Life}}},
  editor = {Douglas, Jack D.},
  date = {1970},
  publisher = {{Aldine}},
  location = {{Chicago}},
  isbn = {978-1-351-32732-9},
  pagetotal = {43}
}

@article{Isaac1980,
  title = {Political {{Protest Orientations Among Black}} and {{White Adults}}},
  author = {Isaac, Larry and Mutran, Elizabeth and Stryker, Sheldon},
  date = {1980},
  journaltitle = {American Sociological Review},
  volume = {45},
  number = {2},
  eprint = {2095118},
  eprinttype = {jstor},
  pages = {191--213},
  publisher = {{[American Sociological Association, Sage Publications, Inc.]}},
  issn = {0003-1224},
  url = {https://www.jstor.org/stable/2095118},
  urldate = {2023-05-05}
}

@book{kosaka1998,
  title = {講座社会学1 理論と方法},
  editor = {高坂, 健次 and 厚東, 洋輔},
  date = {1998},
  publisher = {{東京大学出版会}},
  langid = {japanese},
  sortname = {Kosaka, Kenji}
}

@incollection{Mayer1995,
  title = {New {{Social Movements}} and the {{Transformation}} to {{Post-Fordist Society}}},
  booktitle = {Cultural {{Politics}} and {{Social Movements}}},
  author = {Mayer, Margit and Roth, Poland},
  editor = {Darnovsky, Marcy and Epstein, Barbara and Flacks, Richard},
  date = {1995},
  pages = {299--319},
  publisher = {{Temple University Press}},
  location = {{Philadelphia}},
  langid = {english}
}

@book{miyajima1985,
  title = {先進社会のジレンマ},
  author = {宮島, 喬 and 梶田, 孝道 and 伊藤, るり},
  date = {1985},
  publisher = {{有斐閣}},
  langid = {japanese},
  sortname = {Miyajima, Kyo and Kajita, Takamichi}
}

@book{oguma1995,
  title = {単一民族神話の起源——〈日本人〉の自画像の系譜},
  author = {小熊, 英二},
  date = {1995},
  publisher = {{新曜社}},
  langid = {japanese},
  sortname = {Oguma, Eiji}
}

@book{Rubington1965,
  title = {Deviance: The Interactionist Perspective},
  shorttitle = {Deviance},
  editor = {Rubington, Earl and Weinberg, Martin},
  date = {1965},
  publisher = {{Macmillan}},
  location = {{New York}},
  langid = {英語}
}

@article{sato1998,
  title = {合理的選択理論批判の論理構造とその問題点},
  author = {佐藤, 嘉倫},
  date = {1998},
  journaltitle = {社会学評論},
  volume = {49},
  number = {2},
  pages = {188--205},
  langid = {japanese},
  sortname = {Sato, Yoshimichi}
}

@thesis{ueno2013,
  type = {博士論文},
  title = {ケアの社会学…当事者主権の福祉社会へ},
  author = {上野, 千鶴子},
  date = {2013},
  institution = {{東京大学}},
  url = {https://ci.nii.ac.jp/naid/500000941157},
  urldate = {2023-05-05},
  langid = {japanese},
  sortname = {Ueno, Chizuko}
}
